<?xml version="1.0" encoding="UTF-8"?><collection xmlns="http://www.loc.gov/MARC21/slim"><record><leader>00474nam--2200157-i-4500</leader><controlfield tag="001">000014179</controlfield><controlfield tag="002">20161230</controlfield><controlfield tag="005">20161230201030</controlfield><controlfield tag="008">060222s1000------------r-----000-0-eng-d</controlfield><datafield ind1=" " ind2=" " tag="080"><subfield code="a">517.15 (061.3)</subfield></datafield><datafield ind1=" " ind2=" " tag="245"><subfield code="a">Analytical and numerical approaches to asymptotic problems in analysis</subfield></datafield><datafield ind1=" " ind2=" " tag="260"><subfield code="a">Amsterdam, 1980</subfield></datafield><datafield ind1=" " ind2=" " tag="490"><subfield code="a">North-holand Mathematics Studies</subfield></datafield><datafield ind1=" " ind2=" " tag="700"><subfield code="a">Axeksson, L.S. Frank And A Van Der Sluis</subfield></datafield><datafield ind1=" " ind2=" " tag="852"><subfield code="a">42881</subfield><subfield code="c">515/516</subfield></datafield><datafield ind1=" " ind2=" " tag="CAT"><subfield code="a">Sys</subfield><subfield code="c">20080611</subfield><subfield code="h">132812</subfield></datafield></record></collection>